@inproceedings{referenceexample,
	title = {{Some Title}},
	author = {Mustermann, Max and Smith, Jane},
	booktitle = {Some Conference},
	pages = {1--8},
	year = {2023}
}

@article{soar,
  author = {Laird, John E.},
  title = {Cognitive robotics using the soar cognitive architecture},
  journal = {AAAI Workshop - Technical Report},
  year = {2012},
  pages = {01}
}

@article{actr,
  author = {Ritter, Christian and Neves, Jos√© Francisco and Bagerman, Mark and Taatgen, Niels A.},
  title = {Act-r: A cognitive architecture for modeling cognition},
  journal = {WIREs Cognitive Science},
  year = {2018},
  volume = {10},
  number = {3},
  issn = {1939-5086},
  doi = {10.1002/wcs.1488}
}

@inproceedings{generativeagents,
  author = {Park, Joon Sung and Kay, Elaine and Zou, James and Bernstein, Michael S.},
  title = {Generative agents: Interactive simulacra of human behavior},
  booktitle = {Proceedings of the 36th Annual ACM Symposium on User Interface Software and Technology},
  series = {UIST '23},
  year = {2023},
  isbn = {9798400701320},
  location = {New York, NY, USA},
  publisher = {Association for Computing Machinery},
  doi = {10.1145/3586183.3606763}
}

@article{voyager,
  author = {Wang, Guhao and Xie, Yuyu and Dai, Liao and Zhao, Ting and Wang, Zihao and Zhou, Haowen and Chen, Hongsheng and Li, Ruoyu and Ma, Shiqi and Zhang, Weimin and others},
  title = {Voyager: An open-ended embodied agent with large language models},
  journal = {Transactions on Machine Learning Research},
  year = {2024},
  issn = {2835-8856},
  doi = {10.48550/arxiv.2305.16291}
}

@inproceedings{octo,
  author = {Mees, Oliver and Li, Yunxin and He, Yujie and Zhang, Chuyuan and Tai, Lei and Burgard, Wolfram},
  title = {Octo: An open-source generalist robot policy},
  booktitle = {First Workshop on Vision-Language Models for Navigation and Manipulation at ICRA 2024},
  year = {2024},
  url = {https://openreview.net/forum?id=jGrtIvJBpS}
}

@article{rt2,
  author = {Brohan, Anthony and Brown, Noah and Chebotar, Ilya and Cortes, Omar and Duet, Byron and Finn, Chelsea and Gopalakrishnan, Karthik and Higuera, Alexa and Herzog, Austin and others},
  title = {Rt-2: Vision-language-action models transfer web knowledge to robotic control},
  journal = {arXiv preprint arXiv:2307.15818},
  year = {2023},
  doi = {10.48550/ARXIV.2307.15818}
}

@article{palme,
  author = {Driess, Danny and Xia, Fei and Wahid, Mehrad and Allen-Blanchette, Corey and Joshi, Pratik and Bengio, Alvin and Faenza, Brian and Singletary, Aidan and Wu, Yutong and Gurkaynak, Arjun and others},
  title = {Palm-e: An embodied multimodal language model},
  journal = {arXiv preprint arXiv:2303.03378},
  year = {2023},
  doi = {10.48550/ARXIV.2303.03378}
}

@article{instruct2act,
  author = {Huang, Yifan and Liang, Xiaojian and Chen, Binghong and Liu, Shengjie and Huang, Daxin and Zhu, Zhengyi and Ma, Honghua and Zhu, Jiahao and Zhang, Yang and Yu, Hang and others},
  title = {Instruct2Act: Mapping multi-modality instructions to robotic actions with large language model},
  journal = {arXiv preprint arXiv:2305.11176},
  year = {2023},
  doi = {10.48550/ARXIV.2305.11176}
}

@article{codeaspolicies,
  author = {Liang, Michael and Ichter, Brian and Zhang, Tony and Xiao, Sean and Zhang, Amy and Xia, Fei and Levine, Sergey},
  title = {Code as policies: Language model programs for embodied control},
  journal = {arXiv preprint arXiv:2209.07753},
  year = {2022},
  doi = {10.48550/ARXIV.2209.07753}
}
